<?xml version="1.0" encoding="UTF-8"?><collection xmlns="http://www.loc.gov/MARC21/slim"><record><leader>00582nam--2200181-i-4500</leader><controlfield tag="001">000039168</controlfield><controlfield tag="002">20161230</controlfield><controlfield tag="005">20161230201042</controlfield><controlfield tag="008">060222s1000------------r-----000-0-fre-d</controlfield><datafield ind1=" " ind2=" " tag="040"><subfield code="a">IFIN-HH</subfield></datafield><datafield ind1=" " ind2=" " tag="041"><subfield code="a">fre</subfield></datafield><datafield ind1=" " ind2=" " tag="080"><subfield code="a">539.12.04:546.621:539.125.17(043)</subfield></datafield><datafield ind1="1" ind2=" " tag="100"><subfield code="a">Risbet,Alain</subfield></datafield><datafield ind1="1" ind2="0" tag="245"><subfield code="a">Etude de la formation des cavites dans l`aluminium pur et faiblement allie iradie aux neutrons rapides</subfield><subfield code="b">These</subfield><subfield code="c">Alain risbet</subfield></datafield><datafield ind1=" " ind2=" " tag="260"><subfield code="a">Paris, Orsay</subfield><subfield code="b">L`Universite De Paris-sud Centre D`Orsay</subfield><subfield code="c">1974</subfield></datafield><datafield ind1=" " ind2=" " tag="300"><subfield code="a">126 P</subfield></datafield><datafield ind1=" " ind2=" " tag="852"><subfield code="a">43989</subfield><subfield code="c">539.12.04</subfield></datafield><datafield ind1=" " ind2=" " tag="CAT"><subfield code="a">Sys</subfield><subfield code="c">20120207</subfield><subfield code="h">161655</subfield></datafield></record></collection>